<record><leader>00000cas a22000007a 4500</leader><controlfield tag="001">16932829</controlfield><controlfield tag="008">871103d18851894ohuwr ne      0    0eng d</controlfield><datafield ind1=" " ind2=" " tag="010"><subfield code="a">sn 87075178 </subfield></datafield><datafield ind1=" " ind2=" " tag="040"><subfield code="a">ONP</subfield><subfield code="b">eng</subfield><subfield code="c">ONP</subfield><subfield code="d">OCLCQ</subfield></datafield><datafield ind1=" " ind2=" " tag="042"><subfield code="a">msc</subfield></datafield><datafield ind1="0" ind2=" " tag="130"><subfield code="a">Herald (Middleport, Ohio)</subfield></datafield><datafield ind1="1" ind2="4" tag="245"><subfield code="a">The Herald.</subfield></datafield><datafield ind1=" " ind2=" " tag="260"><subfield code="a">Middleport, Ohio :</subfield><subfield code="b">F.C. Russell,</subfield><subfield code="c">1885-1894.</subfield></datafield><datafield ind1=" " ind2=" " tag="310"><subfield code="a">Weekly</subfield></datafield><datafield ind1="0" ind2=" " tag="362"><subfield code="a">Vol. 9, no. 38 (Feb. 20, 1885)-v. 18, no. 40 (Feb. 23, 1894).</subfield></datafield><datafield ind1=" " ind2=" " tag="752"><subfield code="a">United States</subfield><subfield code="b">Ohio</subfield><subfield code="c">Meigs</subfield><subfield code="d">Middleport.</subfield></datafield><datafield ind1="0" ind2="0" tag="780"><subfield code="t">Meigs County herald</subfield><subfield code="w">(DLC)sn 87075179</subfield></datafield><datafield ind1="0" ind2="7" tag="785"><subfield code="t">Meigs County Republican</subfield><subfield code="w">(DLC)sn 85038188</subfield></datafield><datafield ind1="0" ind2="7" tag="785"><subfield code="t">Republican-herald (Middleport, Ohio)</subfield><subfield code="w">(DLC)sn 87075181</subfield></datafield></record>